@ARTICLE{Polikar:2009,
AUTHOR = {Polikar, R. },
TITLE   = {{E}nsemble learning},
YEAR    = {2009},
JOURNAL = {Scholarpedia},
VOLUME  = {4},
NUMBER  = {1},
PAGES   = {2776},
DOI     = {10.4249/scholarpedia.2776},
NOTE    = {revision \#186077},
}

@misc{IBM,
    author = "{IBM Cloud Education}",
    title = "Bagging",
    year = "2021",
    url = "https://www.ibm.com/cloud/learn/bagging",
    note = "[Online; accessed 27-April-2022]"
}

@misc{Vidhya,
    author = "{Yash Khandelwal}",
    title = "Ensemble Stacking for Machine Learning and Deep Learning",
    year = "2021",
    url = "https://www.analyticsvidhya.com/blog/2021/08/ensemble-stacking-for-machine-learning-and-deep-learning/",
    note = "[Online; accessed 27-April-2022]"
}

@misc{Vidhya2,
    author = "{Anshul Saini}",
    title = "AdaBoost Algorithm â€“ A Complete Guide for Beginners",
    year = "2021",
    url = "https://www.analyticsvidhya.com/blog/2021/09/adaboost-algorithm-a-complete-guide-for-beginners/",
    note = "[Online; accessed 27-April-2022]"
}

@misc{Vidhya3,
    author = "{Anshul Saini}",
    title = "Gradient Boosting Algorithm: A Complete Guide for Beginners",
    year = "2021",
    url = "https://www.analyticsvidhya.com/blog/2021/09/gradient-boosting-algorithm-a-complete-guide-for-beginners/",
    note = "[Online; accessed 27-April-2022]"
}

@misc{datascience,
    author = "{Vishal Morde}",
    title = "XGBoost Algorithm: Long May She Reign!",
    year = "2019",
    url = "https://towardsdatascience.com/https-medium-com-vishalmorde-xgboost-algorithm-long-she-may-rein-edd9f99be63d",
    note = "[Online; accessed 27-April-2022]"
}

@online{youtube,
        title = {AdaBoost, Clearly Explained},
        date = {2019},
        organization = {Youtube},
        author = {Josh Starmer},
        url = {https://www.youtube.com/watch?v=LsK-xG1cLYA&t=701s},
}

@online{youtube2,
        title = {Gradient Boost Part 1 (of 4): Regression Main Ideas},
        date = {2019},
        organization = {Youtube},
        author = {Josh Starmer},
        url = {https://www.youtube.com/watch?v=3CC4N4z3GJc&t=836s},
}

@online{youtube3,
        title = {XGBoost Part 1 (of 4): Regression},
        date = {2019},
        organization = {Youtube},
        author = {Josh Starmer},
        url = {https://www.youtube.com/watch?v=OtD8wVaFm6E},
}